% skew symmetric complex repr
 @misc{ercegovac_muller_2007, title={Solving Systems of Linear Equations in Complex Domain:Complex E-Method}, url={https://hal-ens-lyon.archives-ouvertes.fr/ensl-00125369v2/document}, journal={HAL}, author={Ercegovac, Milos and Muller, Jean-Michel}, year={2007}}
 % numerical recipes in fortran
 @book{press1992numerical,
  title={Numerical recipes in Fortran 77: volume 1, volume 1 of Fortran numerical recipes: the art of scientific computing},
  author={Press, William H and Teukolsky, Saul A and Flannery, Brian P and Vetterling, William T},
  year={1992},
  publisher={Cambridge university press}
}
% the SPICE book
@book{vladimirescu1994spice,
  title={The SPICE book},
  author={Vladimirescu, Andrei},
  year={1994},
  publisher={Wiley New York}
}
